<?xml version="1.0" encoding="UTF-8"?><record xmlns="http://www.loc.gov/MARC21/slim" xmlns:cinclude="http://apache.org/cocoon/include/1.0" xmlns:zs="http://www.loc.gov/zing/srw/">
  <leader>00397cz  a2200121n  4500</leader>
  <controlfield tag="001">n 2010063513</controlfield>
  <controlfield tag="003">DLC</controlfield>
  <controlfield tag="005">20101022074946.0</controlfield>
  <controlfield tag="008">101021n| azannaabn          |n aaa      </controlfield>
  <datafield tag="010" ind1=" " ind2=" ">
    <subfield code="a">n 2010063513</subfield>
  </datafield>
  <datafield tag="040" ind1=" " ind2=" ">
    <subfield code="a">DLC</subfield>
    <subfield code="b">eng</subfield>
    <subfield code="c">DLC</subfield>
    <subfield code="e">rda</subfield>
  </datafield>
  <datafield tag="100" ind1="1" ind2=" ">
    <subfield code="a">McVee, Mary B.</subfield>
  </datafield>
  <datafield tag="670" ind1=" " ind2=" ">
    <subfield code="a">Sociocultural positioning in literacy, 2011, 2011:</subfield>
    <subfield code="b">ECIP t.p. (Mary B. McVee, University at Buffalo, The State University of New York)</subfield>
  </datafield>
</record>